@BOOK{gps2,
	    AUTHOR = {Janusz Narkiewicz},
	    TITLE = {GPS i inne satelitarne systemy nawigacyjne, wyd. 1},
	    PUBLISHER = {Wydawnictwa Komunikacji i Łączności},
		isbn      = {978-83-206-1869-3},
	    YEAR = {2007}
}

@BOOK{ksiazka-asp-core,
	    AUTHOR = {Jason De Oliveira, Michel Bruchet},
	    TITLE = {ASP.NET Core 2.0. Wprowadzenie},
	    PUBLISHER = {HELION SA},
		isbn      = {978-83-283-4500-3},
	    YEAR = {2018}
}

@BOOK{ksiazka-sql,
	    AUTHOR = {Ben Forta},
	    TITLE = {SQL Server i T-SQL w mgnieniu oka. Wydanie II},
	    PUBLISHER = {HELION SA},
		isbn      = {978-83-283-3566-0},
	    YEAR = {2017}
}


@misc{resources,
title = {{Xamarin.Android}, internacjonalizacja aplikacji},
howpublished = {\url {https://docs.microsoft.com/en-us/xamarin/android/app-fundamentals/localization}},
note = {[dostęp: 06.01.2020]},
}


@misc{onmapready,
title = {Biblioteka {Google Maps}, interfejs {OnMapReadyCallback}},
howpublished = {\url {https://developers.google.com/android/reference/com/google/android/gms/maps/OnMapReadyCallback}},
note = {[dostęp: 06.01.2020]},
}

@misc{geography-type2,
title = {{Biblioteka NTS TopologySuite}},
howpublished = {\url {https://nettopologysuite.github.io/html/class\_net\_topology\_suite\_1\_1\_geometries\_1\_1\_geometry.html}},
note = {[dostęp: 06.01.2020]},
}

@misc{geography-type,
title = {{SQL}, typy przestrzenne},
howpublished = {\url {https://docs.microsoft.com/en-us/sql/t-sql/spatial-geography/spatial-types-geography}},
note = {[dostęp: 06.01.2020]},
}

@misc{osm-gather-data,
title = {{OpenStreetMap}, przewodnik dla początkujących},
howpublished = {\url {https://wiki.openstreetmap.org/wiki/Pl:Przewodnik\_dla\_początkujących_1.1}},
note = {[dostęp: 06.01.2020]},
}

@misc{google-maps-pricing,
title = {{Google Maps}, biblioteka - opłaty za korzystanie},
howpublished = {\url{ https://cloud.google.com/maps-platform/pricing }},
note = {[dostęp: 06.01.2020]},
}

@misc{google-maps,
title = {{Google Maps}, dokumentacja techniczna biblioteki},
howpublished = {\url {https://developers.google.com/maps/documentation/android-sdk/intro}},
note = {[dostęp: 06.01.2020]},
}

@misc{sql,
title = {{Structured Query Language}, język obsługi bazy danych},
howpublished = {\url {https://www.w3schools.com/sql/}},
note = {[dostęp: 06.01.2020]},
}


@misc{efcore,
title = {{Entity Framework}, platforma mapowania obiektowo-relacyjnego},
howpublished = {\url {https://docs.microsoft.com/en-us/ef/#pivot=efcore}},
note = {[dostęp: 06.01.2020]},
}

@misc{xamarin-native,
title = {{Xamarin.Android}, tworzenie natywnych aplikacji dla systemu Android},
howpublished = {\url {https://docs.microsoft.com/pl-pl/xamarin/android/index?WT.mc_id=docs-dotnet-xamarin}},
note = {[dostęp: 06.01.2020]},
}

@misc{xamarin-forms,
title = {{Xamarin Forms}, budowanie między platformowych interfejsów},
howpublished = {\url {https://dotnet.microsoft.com/apps/xamarin/xamarin-forms}},
note = {[dostęp: 06.01.2020]},
}

@misc{xml,
title = {Język {XML}},
howpublished = {\url {https://www.w3schools.com/xml/}},
note = {[dostęp: 06.01.2020]},
}

@misc{xamarin_docs,
title = {Xamarin, technologia pozwalająca tworzyć aplikacje mobilne},
howpublished = {\url {https://dotnet.microsoft.com/apps/xamarin}},
note = {[dostęp: 06.01.2020]},
}

@misc{csharp,
title = {Język programowania {C\#}},
howpublished = {\url {https://docs.microsoft.com/en-us/dotnet/csharp/}},
note = {[dostęp: 06.01.2020]},
}

@misc{microsoft,
title = {Microsoft, firma produkująca oprogramowanie komputerowe},
howpublished = {\url {https://www.microsoft.com}},
note = {[dostęp: 06.01.2020]},
}

@misc{visual-studio,
title = {Visual {Studio}, zintegrowane środowisko programistyczne},
howpublished = {\url {https://visualstudio.microsoft.com}},
note = {[dostęp: 06.01.2020]},
}

@misc{android,
title = {System operacyjny {Android}},
howpublished = {\url {https://www.android.com}},
note = {[dostęp: 06.01.2020]},
}

@misc{ios,
title = {System operacyjny {iOS}},
howpublished = {\url {https://www.apple.com/pl/ios/ios-13/}},
note = {[dostęp: 06.01.2020]},
}


@misc{osm-surface,
title = {{OpenStreetMap}, rodzaje nawierzchni},
howpublished = {\url {https://wiki.openstreetmap.org/wiki/Pl:Key:surface}},
note = {[dostęp: 06.01.2020]},
}

@misc{osm,
title = {{OpenStreetMap}, społecznościowy projekt udostępniający mapę świata},
howpublished = {\url {https://www.openstreetmap.org}},
note = {[dostęp: 06.01.2020]},
}

@misc{osm-docs-wiki,
title = {Dokumentacja techniczna serwisu {OpenStreetMap}},
howpublished = {\url {https://wiki.openstreetmap.org/wiki/Overpass\_API}},
note = {[dostęp: 06.01.2020]},
}

@misc{mapmyrun,
title = {{MapMyRun}, aplikacja wspierająca treningi},
howpublished = {\url {https://www.mapmyrun.com}},
note = {[dostęp: 06.01.2020]},
}

@misc{strava,
title = {Strava, aplikacja przeznaczona do wspierania treningów biegowych oraz rowerowych},
howpublished = {\url {https://www.strava.com}},
note = {[dostęp: 06.01.2020]},
}

@misc{endomondo,
title = {Endomondo, aplikacja wspierająca aktywności sportowe},
howpublished = {\url {https://www.endomondo.com}},
note = {[dostęp: 06.01.2020]},
}

@misc{czujniki,
title = {Jak działają czujniki w smartfonach?},
howpublished = {\url {https://fossbytes.com/which-smartphone-sensors-how-work/}},
note = {[dostęp: 06.01.2020]},
}

@misc{googleplay,
title = {Sklep z aplikacjami {Google Play}},
howpublished = {\url {https://play.google.com/store}},
note = {[dostęp: 06.01.2020]},
}

@misc{fakegps,
title = {Jak sfałszować lokalizację {GPS}},
howpublished = {\url {https://thetechhacker.com/2018/03/08/how-change-fake-gps-location-android/}},
note = {[dostęp: 06.01.2020]},
}

@misc{googlemaps,
title = {Dokumentacja techniczna {Eleveation API serwisu Google Maps}},
howpublished = {\url {https://developers.google.com/maps/documentation/elevation/start}},
note = {[dostęp: 06.01.2020]},
}

@misc{gpsgov,
title = {Oficjalna strona systemu nawigacyjnego {GPS}, opis segmentu kosmicznego},
howpublished = {\url {https://www.gps.gov/systems/gps/space/\#generations}},
note = {[dostęp: 06.01.2020]},
}

@misc{haversine,
title = {Obliczanie dystansu, kierunku i więcej pomiędzy punktami},
howpublished = {\url {https://www.movable-type.co.uk/scripts/latlong.html}},
note = {[dostęp: 06.01.2020]},
}

@misc{stronkagps1,
title = {Nawigacja {Galileo} - informacje o systemie},
howpublished = {\url {https://technologiagps.org.pl/systemy/galileo.html}},
author = {Krystian Wójcik},
note = {[dostęp: 06.01.2020]},
}

@misc{baidu1,
title = {Chiński system nawigacji satelitarnej {Beidou}},
howpublished = {\url{http://www.spacesafetymagazine.com/news/chinas-bediou-satellite-navigation-system-offer-regional-service/}},
note = {[dostęp: 06.01.2020]},
}

@misc{xamarin_docs_real,
title = {Oficjalna dokumentacja {Xamarin}},
howpublished = {\url {https://docs.microsoft.com/en-us/xamarin/}},
note = {[dostęp: 06.01.2020]},
}