@article{warburton1987approximation,
  title={Approximation of Pareto optima in multiple-objective, shortest-path problems},
  author={Warburton, Arthur},
  journal={Operations Research},
  volume={35},
  number={1},
  pages={70--79},
  year={1987},
  publisher={INFORMS}
}

@proceedings{DBLP:conf/icaisc/2012-2,
  editor    = {Leszek Rutkowski and
               Marcin Korytkowski and
               Rafal Scherer and
               Ryszard Tadeusiewicz and
               Lotfi A. Zadeh and
               Jacek M. Zurada},
  title     = {Artificial Intelligence and Soft Computing - 11th International
               Conference, ICAISC 2012, Zakopane, Poland, April 29-May
               3, 2012, Proceedings, Part II},
  booktitle = {ICAISC (2)},
  publisher = {Springer},
  series    = {Lecture Notes in Computer Science},
  volume    = {7268},
  year      = {2012},
  isbn      = {978-3-642-29349-8},
  ee        = {http://dx.doi.org/10.1007/978-3-642-29350-4},
  bibsource = {DBLP, http://dblp.uni-trier.de}
}

@inproceedings{dhillon2001co,
  title={Co-clustering documents and words using bipartite spectral graph partitioning},
  author={Dhillon, Inderjit S},
  booktitle={Proceedings of the seventh ACM SIGKDD international conference on Knowledge discovery and data mining},
  pages={269--274},
  year={2001},
  organization={ACM}
}

@article{guo2008regionalization,
  title={Regionalization with dynamically constrained agglomerative clustering and partitioning (REDCAP)},
  author={Guo, Diansheng},
  journal={International Journal of Geographical Information Science},
  volume={22},
  number={7},
  pages={801--823},
  year={2008},
  publisher={Taylor \& Francis}
}